@article{Healey96,
title = "Choosing effective colours for data visualization",
journal = "Proceedings Visualization '96",
pages = "263 - 270",
year = "1996",
author = "Healey, C. G.",
}

@article{Healey93,
title = "Harnessing pre attentive processes for multivariate data visualization",
journal = "Proceedings Graphic Interface '93",
pages = "107 - 117",
year = "1993",
author = "Healey, C. G., Booth K. S., and Enns, J. T.",
}

@misc{la-atcs-article,
author = "CBS News",
title = "Los Angeles engineers new traffic system to help congestion.",
year = "2013",
month = "June",
url = "http://www.cbsnews.com/news/los-angeles-engineers-new-traffic-system-to-help-congestion/",
}

@misc{montreal-transcore,
author = "TransCore",
title = "City of Montreal Deploys TransCore?s TransSuite Advanced Traffic Management System on Citywide Arterial Street Network.",
year = "2013",
month = "August",
url = "http://newsroom.transcore.com/press-release/city-montreal-deploys-transcores-transsuite-advanced-traffic-management-system-citywid",
}

@misc{scats,
author = "SCATS",
title = "SCATS",
year = "2013",
month = "January",
url = "http://www.scats.com.au/',
}

@misc{la-atcs-brochure,
author = "City of Los Angeles Department of Transportation.",
title = "Adaptive Traffic Control System.",
url = "http://mctrans.ce.ufl.edu/featured/ATCS%20Brochure.pdf",
}

@misc{uot-article,
author = "S. Oosthoek.",
title = "Smarter traffic lights win global recognition for U of T awards.",
year = "2013",
month = "November",
url = "http://www.news.utoronto.ca/smarter-traffic-lights-win-global-recognition-u-t-grad",
}

@article{ACS:2008,
  author = "Shelby, Bullock, Gettman, Ghaman, Sabra, and Soyke",
  title  = "An Overview and Performance Evaluation of ACS Lite ? A Low Cost  Adaptive Signal Control System",
  year   = "2008",
  month  = "January",
}

@misc{HDR:2010,
 author = {M. Selinger and L. Schmidt},
 title = {Adaptive Traffic Control Systems in the United States: Updated Summary and Comparison},
 month = {April},
 year = {2010},
 url = {http://www.hdrinc.com/sites/all/files/assets/knowledge-center/articles/adaptive-traffic-control-systems-in-the-united-states-2010.pdf},
} 

@misc{Miovision:2012,
author = {Miovision Technologies},
title = {Signal Retiming Peer-Driven Research Initiative},
month = {September},
year = {2012},
url = {http://miovision.com/articles-research-reports/signal-timing-research-initiative-results},
}

@misc{SCOOT:2010,
author = {Imtek Traffic & Infra UK Ltd},
title = {The ?SCOOT? Urban Traffic Control System},
month = {January},
year = {2002},
url = {http://www.scoot-utc.com/documents/1_SCOOT-UTC.pdf},
}

@INPROCEEDINGS{4028083, 
author={Xin Chen and Zhao-sheng Yang and Hai-Yang Wang}, 
booktitle={Machine Learning and Cybernetics, 2006 International Conference on}, 
title={A Multi-Agent Urban Traffic Control System Cooperated with Dynamic Route Guidance}, 
year={2006}, 
pages={330-335},  
doi={10.1109/ICMLC.2006.259033},}

@INPROCEEDINGS{155481, 
author={Funabiki, N. and Takefuji, Y. and Lee, K.C.}, 
booktitle={Neural Networks, 1991., IJCNN-91-Seattle International Joint Conference on}, 
title={A neural network model for traffic controls in multistage interconnection networks}, 
year={1991}, 
volume={ii}, 
pages={898 vol.2-},  
doi={10.1109/IJCNN.1991.155481},}

@INPROCEEDINGS{5349439, 
author={Daneshfar, F. and Akhlaghian, F. and Mansoori, F.}, 
booktitle={Computer Conference, 2009. CSICC 2009. 14th International CSI}, 
title={Adaptive and cooperative multi-agent fuzzy system architecture}, 
year={2009}, 
pages={30-34}, 
keywords={fuzzy set theory;multi-agent systems;multivariable systems;traffic control;NetLogo-based traffic simulator;adaptive multiagent fuzzy system architecture;cooperative multiagent fuzzy system architecture;decentralized traffic signal control;dynamic traffic signal control system;intelligent transportation system;knowledge base architecture;prediction module;traffic congestion problem;traffic data preparation module;traffic observer;Adaptive control;Control systems;Decision making;Fuzzy systems;Intelligent control;Intelligent transportation systems;Programmable control;Traffic control;Urban areas;Vehicle dynamics}, 
doi={10.1109/CSICC.2009.5349439},}

@INPROCEEDINGS{4634048, 
author={Tao Li and Dongbin Zhao and Jianqiang Yi}, 
booktitle={Neural Networks, 2008. IJCNN 2008. (IEEE World Congress on Computational Intelligence). IEEE International Joint Conference on}, 
title={Adaptive dynamic neuro-fuzzy system for traffic signal control}, 
year={2008}, 
pages={1840-1846}, 
keywords={adaptive control;dynamic programming;fuzzy control;fuzzy neural nets;optimal control;road traffic;traffic engineering computing;adaptive dynamic neurofuzzy system;adaptive dynamic programming design;city multiintersections;cooperative control;fluctuant traffic states;fuzzy control;near optimal control;near optimal traffic signal control;Adaptive control;Adaptive systems;Communication system traffic control;Control systems;Delay;Dynamic programming;Fuzzy control;Fuzzy neural networks;Optimal control;Programmable control}, 
doi={10.1109/IJCNN.2008.4634048}, 
ISSN={1098-7576},}

@INPROCEEDINGS{5073360, 
author={Daneshfar, F. and RavanJamjah, J. and Mansoori, F. and Bevrani, H. and Azami, Bahram Zahir}, 
booktitle={Vehicular Technology Conference, 2009. VTC Spring 2009. IEEE 69th}, 
title={Adaptive Fuzzy Urban Traffic Flow Control Using a Cooperative Multi-Agent System based on Two Stage Fuzzy Clustering}, 
year={2009}, 
pages={1-5}, 
keywords={adaptive control;automated highways;fuzzy reasoning;fuzzy systems;multi-agent systems;traffic engineering computing;NetLogo traffic simulator;adaptive fuzzy urban traffic flow control;cooperative multiagent fuzzy system;cooperative multiagent system;intelligent transportation system;traffic signal control;two stage fuzzy clustering;vehicle actuated traffic control;Adaptive control;Control systems;Fuzzy control;Fuzzy systems;Intelligent transportation systems;Multiagent systems;Programmable control;Traffic control;Urban areas;Vehicle dynamics}, 
doi={10.1109/VETECS.2009.5073360}, 
ISSN={1550-2252},}

@ARTICLE{1512005, 
author={Fei-Yue Wang}, 
journal={Intelligent Systems, IEEE}, 
title={Agent-based control for networked traffic management systems}, 
year={2005}, 
volume={20}, 
number={5}, 
pages={92-96}, 
keywords={distributed control;multi-agent systems;road traffic;software agents;traffic control;CRONOS;OPAC;PRODYN;RHODES;SCAT;SCOOT;agent-based control;distributed artificial intelligence;functional-decomposition-based systems;multiagent systems;networked traffic management systems;task-oriented agents;traffic control systems;transportation systems;Algorithm design and analysis;Analytical models;Application software;Artificial intelligence;Communication system traffic control;Computer science;Control systems;Multiagent systems;Sociology;Traffic control;ASOS;agent-based control;artificial intelligence;intelligent transportation systems;mobile agents;traffic control}, 
doi={10.1109/MIS.2005.80}, 
ISSN={1541-1672},}

@INPROCEEDINGS{1031635, 
author={Taale, H.}, 
booktitle={Road Transport Information and Control, 2002. Eleventh International Conference on (Conf. Publ. No. 486)}, 
title={Comparing methods to optimise vehicle actuated signal control}, 
year={2002}, 
pages={114-119}, 
keywords={adaptive control;evolutionary computation;road vehicles;signalling;traffic control;traffic engineering computing;Netherlands;Webster formulas;adaptive control;changing traffic conditions;evolutionary algorithms;local vehicle actuated control;maximum green time;real-life intersection;simulations;traffic signal control;vehicle actuated signal control optimisation methods;vehicle delay improvement}, 
doi={10.1049/cp:20020216}, 
ISSN={0537-9989},}

@ARTICLE{214695, 
author={Funabikiy, N. and Takefuji, Y. and Lee, K.C.}, 
journal={Computers, IEEE Transactions on}, 
title={Comparisons of seven neural network models on traffic control problems in multistage interconnection networks}, 
year={1993}, 
volume={42}, 
number={4}, 
pages={497-501}, 
keywords={multiprocessor interconnection networks;neural nets;parallel algorithms;conflict-free switching configurations;decay term;heuristics;hysteresis McCullock-Pitts neuron model;multistage interconnection networks;neural network models;neuron models;simulation results;traffic control problems;Clocks;Integrated circuit interconnections;Intelligent networks;Neural networks;Polynomials;Public key;Public key cryptography;Read only memory;Security;Traffic control}, 
doi={10.1109/12.214695}, 
ISSN={0018-9340},}

@inbook{doi:10.1061/40630(255)136,
author = {Lo, H. and Chan, Y. and Chow, A. and Lam, W.},
title = {Dynamic Traffic Control System for Over-Saturated Traffic: Comparison of Adaptive Control Strategies},
booktitle = {Traffic and Transportation Studies (2002)},
chapter = {135},
pages = {973-979},
doi = {10.1061/40630(255)136},
URL = {http://ascelibrary.org/doi/abs/10.1061/40630\%28255\%29136},
eprint = {http://ascelibrary.org/doi/pdf/10.1061/40630\%28255\%29136}
}

@ARTICLE{1688100, 
author={Srinivasan, D. and Min Chee Choy and Cheu, R.L.}, 
journal={Intelligent Transportation Systems, IEEE Transactions on}, 
title={Neural Networks for Real-Time Traffic Signal Control}, 
year={2006}, 
volume={7}, 
number={3}, 
pages={261-272}, 
keywords={distributed control;fuzzy neural nets;multi-agent systems;neurocontrollers;road traffic;traffic engineering computing;decision making mechanism;distributed control;fuzzy neural networks;hybrid computational intelligent techniques;knowledge-base mechanism;multi-agent system;multistage online learning process;real-time traffic signal control;simultaneous perturbation stochastic approximation theorem;urban traffic control system;Communication system traffic control;Competitive intelligence;Computational intelligence;Control systems;Decision making;Distributed control;Multiagent systems;Neural networks;Real time systems;Traffic control;Distributed control;hybrid model;neural control;online learning;traffic signal control}, 
doi={10.1109/TITS.2006.874716}, 
ISSN={1524-9050},}

@INPROCEEDINGS{1399050, 
author={Min Chee Choy and Srinivasan, D. and Cheu, R.L.}, 
booktitle={Intelligent Transportation Systems, 2004. Proceedings. The 7th International IEEE Conference on}, 
title={Simultaneous perturbation stochastic approximation based neural networks for online learning}, 
year={2004}, 
pages={1038-1044}, 
keywords={approximation theory;distributed control;multi-agent systems;neurocontrollers;stochastic processes;traffic control;vehicles;distributed control;multiagent system;multiple neural networks;online learning;simultaneous perturbation stochastic approximation;traffic signal control technique;vehicles;Communication system traffic control;Control systems;Delay;Multiagent systems;Neural networks;Optimal control;Stochastic processes;Traffic control;Vehicle dynamics;Vehicles}, 
doi={10.1109/ITSC.2004.1399050},}

@INPROCEEDINGS{4413780, 
author={Pau-Lo Hsu and Hsin-Han Liu}, 
booktitle={Systems, Man and Cybernetics, 2007. ISIC. IEEE International Conference on}, 
title={The multi-agent system with an adaptive-fuzzy algorithm for flow control of traffic networks}, 
year={2007}, 
pages={3300-3304}, 
keywords={adaptive control;control engineering computing;fuzzy control;multi-agent systems;road traffic;traffic control;traffic engineering computing;adaptive fuzzy multi-agent system;adaptive-fuzzy algorithm;adaptive-fuzzy control;flow control;high-density employees;industrial parks;linear algorithm;multi-agent system;traffic networks;Adaptive algorithm;Communication system traffic control;Control systems;Electrical equipment industry;Fuzzy control;Industrial control;Multiagent systems;Traffic control;Urban areas;Vehicles}, 
doi={10.1109/ICSMC.2007.4413780},}